
@article{gasparov_linguistics_2008,
  title   = "The {Linguistics} of {Verse}",
  volume  = "52",
  issn    = "0037-6752",
  doi     = "10.2307/20459662",
  number  = "2",
  urldate = "2020-07-26",
  journal = "The Slavic and East European Journal",
  author  = "Gasparov, M. L. and Tarlinskaja, Marina",
  year    = "2008",
  pages   = "198--207"
}

@article{decastro-arrazola_testing_2018,
  title     = "Testing the robustness of final strictness in verse lines",
  volume    = "5",
  copyright = "Copyright (c) 2018 Studia Metrica et Poetica",
  issn      = "2346-691X",
  url       = "http://ojs.utlib.ee/index.php/smp/article/view/smp.2018.5.2.03",
  doi       = "10.12697/smp.2018.5.2.03",
  number    = "2",
  urldate   = "2019-02-23",
  journal   = "Studia Metrica et Poetica",
  author    = "deCastro-Arrazola, Varuṇ",
  year      = "2018",
  keywords  = "cognition, final strictness, verse typology, verse universals",
  pages     = "55--76"
}

@book{rubin_memory_1995,
  title     = "Memory in {Oral} {Traditions}: {The} {Cognitive} {Psychology} of {Epic}, {Ballads}, and {Counting}-{Out} {Rhymes}",
  publisher = "Oxford University Press USA",
  author    = "Rubin, David C.",
  year      = "1995"
}

@book{meillet_origines_1923,
  title        = "Les origines indo-européennes des mètres grecs",
  url          = "http://archive.org/details/lesoriginesindoe00meiluoft",
  urldate      = "2020-07-26",
  publisher    = "Paris, Les Presses universitaires de France",
  author       = "Meillet, Antoine",
  collaborator = "{Robarts - University of Toronto}",
  year         = "1923",
  keywords     = "Greek language -- Metrics and rhythmics"
}

@book{gasparov_history_1996,
  address   = "Oxford, New York",
  title     = "A {History} of {European} {Versification}",
  isbn      = "978-0-19-815879-0",
  publisher = "Oxford University Press",
  author    = "Gasparov, Mikhail",
  month     = jul,
  year      = "1996"
}

@article{polilova_spanish_2018,
  title     = "Spanish {Romancero} in {Russian} and the semantization of verse form",
  volume    = "5",
  copyright = "Copyright (c)",
  issn      = "2346-691X",
  url       = "https://ojs.utlib.ee/index.php/smp/article/view/smp.2018.5.2.04",
  doi       = "10.12697/smp.2018.5.2.04",
  number    = "2",
  urldate   = "2021-05-17",
  journal   = "Studia Metrica et Poetica",
  author    = "Polilova, Vera",
  month     = dec,
  year      = "2018",
  note      = "Number: 2",
  keywords  = "``''Spanish trochee'', FFFm clausula pattern, poetic translation, Romancero, semantics of meter, unrhymed trochaic tetrameter",
  pages     = "77--108"
}

@misc{porter_space_2018,
  title   = "The {Space} of {Poetic} {Meter} --- {Stanford} {Literary} {Lab}",
  url     = "https://litlab.stanford.edu/hooddistance/",
  urldate = "2021-08-30",
  author  = "Porter, J.D.",
  month   = mar,
  year    = "2018"
}

@misc{hypotactic,
  title   = "{H}ypotactic: {G}reek and {L}atin Meter",
  url     = "https://hypotactic.com/",
  urldate = "2024-04-17",
  year    = "n.d.",
  author  = "David Chamberlain"
}

@book{plechac_versification_2021,
  title     = "Versification and {Authorship} {Attribution}",
  isbn      = "978-80-246-4871-2",
  publisher = "Charles University in Prague, Karolinum Press",
  author    = "Plecháč, Petr",
  month     = jul,
  year      = "2021",
  keywords  = "Literary Criticism / Poetry"
}

@article{bobenhausen_metrique_2015,
  title     = "Métrique littéraire, métrique linguistique et métrique algorithmique de l'allemand mises en jeu dans le programme {Metricalizer2}",
  volume    = "199",
  issn      = "0458-726X",
  url       = "https://www.cairn.info/revue-langages-2015-3-page-67.htm",
  doi       = "10.3917/lang.199.0067",
  number    = "3",
  urldate   = "2022-09-05",
  journal   = "Langages",
  author    = "Bobenhausen, Klemens and Hammerich, Benjamin",
  year      = "2015",
  publisher = "Armand Colin",
  pages     = "67--88"
}

@incollection{shapir_metrum_2000,
  address   = "Moscow",
  title     = "Metrum et rhythmus sub specie semioticae",
  volume    = "1",
  booktitle = "Universum versus",
  publisher = "Iazyki russkoi kultury",
  author    = "Shapir, Maxim",
  year      = "2000",
  pages     = "91--128"
}

@article{sela_semantics_2022,
  title      = "Semantics of {European} poetry is shaped by conservative forces: {The} relationship between poetic meter and meaning in accentual-syllabic verse",
  volume     = "17",
  issn       = "1932-6203",
  shorttitle = "Semantics of {European} poetry is shaped by conservative forces",
  url        = "https://journals.plos.org/plosone/article?id=10.1371/journal.pone.0266556",
  doi        = "10.1371/journal.pone.0266556",
  number     = "4",
  urldate    = "2022-09-06",
  journal    = "PLOS ONE",
  author     = "Šeļa, Artjoms and Plecháč, Petr and Lassche, Alie",
  month      = apr,
  year       = "2022",
  note       = "Publisher: Public Library of Science",
  keywords   = "Cultural evolution, Culture, Europe, k means clustering, Language, Linguistic morphology, Semantics, Syntax",
  pages      = "e0266556"
}

@article{abrahams_phantoms_1993,
  title   = "Phantoms of {Romantic} {Nationalism} in {Folkloristics}",
  volume  = "106",
  issn    = "0021-8715",
  url     = "https://www.jstor.org/stable/541344",
  doi     = "10.2307/541344",
  number  = "419",
  urldate = "2022-09-27",
  journal = "The Journal of American Folklore",
  author  = "Abrahams, Roger D.",
  year    = "1993",
  note    = "Publisher: University of Illinois Press",
  pages   = "3--37"
}

@article{plechac_czech_2016,
  title   = "Czech {Verse} {Processing} {System} {KVĚTA} --- {Phonetic} and {Metrical} {Components}",
  volume  = "7",
  doi     = "10.1515/glot-2016-0013",
  journal = "Glottotheory",
  author  = "Plecháč, Petr",
  month   = jan,
  year    = "2016"
}

@article{jakobson_zur_1929,
  title   = "Zur vergleichende {Forschung} über die slavischen {Zehnsilber}",
  volume  = "1",
  number  = "5",
  journal = "Slavistischer Studien",
  author  = "Jakobson, Roman",
  year    = "1929",
  pages   = "7--20"
}

@book{fabb_meter_2008,
  address    = "Cambridge, UK ; New York",
  edition    = "1st edition",
  title      = "Meter in {Poetry}: {A} {New} {Theory}",
  isbn       = "978-0-521-71325-2",
  shorttitle = "Meter in {Poetry}",
  publisher  = "Cambridge University Press",
  author     = "Fabb, Nigel and Halle, Morris",
  month      = sep,
  year       = "2008"
}

@phdthesis{decastro-arrazola_typological_2018,
  title   = "Typological tendencies in verse and their cognitive grounding",
  url     = "https://www.lotpublications.nl/typological-tendencies-in-verse-and-their-cognitive-grounding",
  urldate = "2022-10-23",
  school  = "LOT",
  author  = "deCastro-Arrazola, Varuṇ",
  year    = "2018"
}

@article{biopython,
  author  = "Cock, Peter J. A. and Antao, Tiago and Chang, Jeffrey T. and Chapman, Brad A. and Cox, Cymon J. and Dalke, Andrew and Friedberg, Iddo and Hamelryck, Thomas and Kauff, Frank and Wilczynski, Bartek and de Hoon, Michiel J. L.",
  title   = "{Bio{P}ython: freely available {P}ython tools for computational molecular biology and bioinformatics}",
  journal = "Bioinformatics",
  volume  = "25",
  number  = "11",
  pages   = "1422-1423",
  year    = "2009",
  month   = "03",
  issn    = "1367-4803",
  doi     = "10.1093/bioinformatics/btp163"
}

@inproceedings{sela_measuring_2022,
  address   = "Antwerp",
  title     = "Measuring {Rhythm} {Regularity} in {Verse}: {Entropy} of {Inter}-{Stress} {Intervals}",
  url       = "https://ceur-ws.org/Vol-3290/short_paper5417.pdf",
  booktitle = "{CHR} 2022: {Computational} {Humanities} {Research} {Conference}",
  publisher = "CEUR-WS",
  author    = "Šeļa, Artjoms and Gronas, Mikhail",
  year      = "2022",
  pages     = "231--242"
}

@incollection{frog_metrical_2021,
  address   = "Finland",
  series    = "Studia {Fennica} {Litteraria}",
  title     = "Metrical {Entanglement}: {The} {Interface} of {Language} and {Meter}",
  isbn      = "978-951-858-418-9",
  booktitle = "Versification",
  publisher = "Suomalaisen Kirjallisuuden Seura",
  author    = "{Frog, Mr}",
  editor    = "{Frog, Mr} and Grünthal, Satu and Kallio, Kati and Niemi, Jarkko",
  year      = "2021",
  doi       = "10.21435/sflit.12",
  keywords  = "6122 Literature studies",
  pages     = "249--293"
}

@article{plechac_rhythm-based_2023,
  title     = "Rhythm-based authorship recognition in syllabic and accentual-syllabic verse",
  volume    = "25",
  copyright = "Derechos de autor 2023",
  issn      = "2256-5450",
  url       = "https://revistas.unal.edu.co/index.php/lthc/article/view/108502",
  doi       = "10.15446/lthc.v25n2.108502",
  number    = "2",
  urldate   = "2023-07-20",
  journal   = "Literatura: teoría, historia, crítica",
  author    = "Plecháč, Petr and Birnbaum, David J.",
  month     = jul,
  year      = "2023",
  note      = "Number: 2",
  keywords  = "Poesía, reconocimiento de autoría, ritmo poético, versificación"
}

@article{smith_identification_1981,
  title   = "Identification of common molecular subsequences",
  volume  = "147",
  issn    = "0022-2836",
  url     = "https://www.sciencedirect.com/science/article/pii/0022283681900875",
  doi     = "10.1016/0022-2836(81)90087-5",
  number  = "1",
  urldate = "2023-07-24",
  journal = "Journal of Molecular Biology",
  author  = "Smith, T. F. and Waterman, M. S.",
  month   = mar,
  year    = "1981",
  pages   = "195--197"
}

@misc{jane_barbie_theme_2023,
  title  = "barbie\_theme: ggplot theme for the {Barbie} movie",
  url    = "https://github.com/MatthewBJane/theme_barbie",
  author = "Jané, Matthew B",
  month  = jun,
  year   = "2023"
}

@article{de_sisto_development_2023,
  title     = "The {Development} of a {Poetic} {Tradition}. {A} {Study} of a {Dutch} {Renaissance} {Poetry} {Corpus}",
  volume    = "10",
  copyright = "Copyright (c) 2023 Studia Metrica et Poetica",
  issn      = "2346-691X",
  url       = "https://ojs.utlib.ee/index.php/smp/article/view/22929",
  doi       = "10.12697/smp.2023.10.1.02",
  number    = "1",
  urldate   = "2023-09-17",
  journal   = "Studia Metrica et Poetica",
  author    = "De Sisto, Mirella",
  month     = sep,
  year      = "2023",
  note      = "Number: 1",
  keywords  = "alexandrine, automatic poetry annotation, Dutch poetry, pentameter",
  pages     = "36--68"
}

@article{kazartsev_iambic_2022,
  title     = "Iambic verse in different literary traditions",
  volume    = "13",
  copyright = "De Gruyter expressly reserves the right to use all content for commercial text and data mining within the meaning of Section 44b of the German Copyright Act.",
  issn      = "2196-6907",
  url       = "https://www.degruyter.com/document/doi/10.1515/glot-2021-2004/html",
  doi       = "10.1515/glot-2021-2004",
  number    = "1",
  urldate   = "2024-02-16",
  journal   = "Glottotheory",
  author    = "Kazartsev, Evgeny",
  month     = jun,
  year      = "2022",
  note      = "Publisher: De Gruyter (A)",
  keywords  = "Dutch, English, Flemish, German, iamb, metrical verse, Russian and Ukrainian poetry",
  pages     = "3--19"
}

@misc{plechac_poetree_2023,
  title     = "{PoeTree}. {Poetry} {Treebanks} in {Czech}, {English}, {French}, {German}, {Hungarian}, {Italian}, {Portuguese}, {Russian} and {Spanish}",
  url       = "https://zenodo.org/records/10008459",
  doi       = "10.5281/zenodo.10008459",
  language  = "ces",
  urldate   = "2024-04-16",
  publisher = "Zenodo",
  author    = "Plecháč, Petr and Kolár, Robert and Cinková, Silvie and Šeļa, Artjoms and De Sisto, Mirella and Nugues, Lara and Haider, Thomas and Nagy, Benjamin and Delente, Éliane and Renault, Richard and Bobenhausen, Klemens and Hammerich, Benjamin and Mittmann, Adiel and Palkó, Gábor and Horváth, Péter and Navarro Colorado, Borja and Ruiz Fabo, Pablo and Bermúdez Sabel, Helena and Korchagin, Kirill and Plungian, Vladimir and Sitchinava, Dmitri",
  month     = oct,
  year      = "2023"
}

@book{ggplot,
  author    = "Hadley Wickham",
  title     = "ggplot2: Elegant Graphics for Data Analysis",
  publisher = "Springer-Verlag New York",
  year      = "2016",
  isbn      = "978-3-319-24277-4",
  url       = "https://ggplot2.tidyverse.org"
}

@article{ggtree,
  author  = "Yu, Guangchuang and Smith, David and Zhu, Huachen and Guan, Yi and Lam, Tommy",
  year    = "2016",
  month   = "08",
  pages   = "",
  title   = "ggtree : an {R} package for visualization and annotation of phylogenetic trees with their covariates and other associated data",
  volume  = "8",
  journal = "Methods in Ecology and Evolution",
  doi     = "10.1111/2041-210X.12628"
}

@book{catullus_poems_2005,
  title      = "The {Poems} of {Catullus}: {A} {Bilingual} {Edition}",
  isbn       = "978-0-520-25386-5",
  shorttitle = "The {Poems} of {Catullus}",
  urldate    = "2024-04-16",
  author     = "Peter Green",
  publisher  = "University of California Press",
  year       = "2005"
}

@article{leerssen_oral_2012,
  title      = "Oral epic: {The} nation finds a voice",
  volume     = "4",
  shorttitle = "Oral epic",
  journal    = "Folklore and nationalism in Europe during the long nineteenth century",
  publisher  = "Brill",
  author     = "Leerssen, Joep",
  month      = jan,
  year       = "2012",
  pages      = "11--26"
}

@article{de_sisto_understanding_2024,
  title      = "Understanding poetry using natural language processing tools: a survey",
  issn       = "2055-7671",
  shorttitle = "Understanding poetry using natural language processing tools",
  url        = "https://doi.org/10.1093/llc/fqae001",
  doi        = "10.1093/llc/fqae001",
  urldate    = "2024-04-16",
  journal    = "Digital Scholarship in the Humanities",
  author     = "De Sisto, Mirella and Hernández-Lorenzo, Laura and De la Rosa, Javier and Ros, Salvador and González-Blanco, Elena",
  month      = feb,
  year       = "2024",
  pages      = "fqae001"
}

@article{nagy_metre_2021,
  title   = "Metre as a stylometric feature in {Latin} hexameter poetry",
  volume  = "36",
  issn    = "2055-7671",
  url     = "https://doi.org/10.1093/llc/fqaa043",
  doi     = "10.1093/llc/fqaa043",
  number  = "4",
  urldate = "2024-04-16",
  journal = "Digital Scholarship in the Humanities",
  author  = "Nagy, Benjamin",
  month   = dec,
  year    = "2021",
  pages   = "999--1012"
}


@article{beltrami_cesura_1986,
  title     = "Cesura epica, lirica, italiana: : riflessioni sull'endecasillabo di {Dante}",
  volume    = "IV",
  journal   = "Metrica",
  author    = "Beltrami, Pietro G",
  year      = "1986",
  publisher = "Riccardo Ricciardi editore",
  pages     = "67--107"
}

@incollection{billy_linvention_2000,
  address   = "Geneve",
  title     = "L'invention de l'endecasillabo",
  booktitle = "``{Carmina} semper et citharae cordi''. Études de philologie et de métrique offertes a {A}. {Menichetti}",
  author    = "Billy, Dominique",
  year      = "2000",
  pages     = "31--46"
}

@inproceedings{di_girolamo_i_1999,
  address   = "Galatina",
  title     = "I decenari con rima interna e la metrica dei {Siciliani}",
  booktitle = "Dai {Siciliani} ai {Siculo}-toscani. {Lingua}, metro e stile, per la definizione del canone. {Atti} del convegno di {Lecce} (21-23 aprile 1998)",
  publisher = "Congedo",
  author    = "Di Girolamo, Costanzo and Fratta, Aniello",
  year      = "1999"
}

@book{hudson_short_1919,
  address   = "London",
  title     = "A short history of {French} literature",
  publisher = "G. Bell and Sons LTD.",
  author    = "Hudson, William Henry",
  year      = "1919"
}

@book{key_short_2006,
  address   = "New York",
  title     = "A short history of {French} literature",
  publisher = "Oxford University Press",
  author    = "Key, Sarah and Cave, Terence and Bowie, Malcolm",
  year      = "2006"
}

@phdthesis{de_sisto_interaction_2020,
  type   = "{PhD} {Thesis}",
  title  = "The interaction between phonology and metre. {Approaches} to {Romance} and {West} {Germanic} {Renaissance} metre",
  school = "Radboud University",
  author = "De Sisto, Mirella",
  month  = sep,
  year   = "2020"
}
